% Encoding: UTF-8


@article{UneRef,
    year={2015},
    journal={Fake Journal},
    volume={1},
    number={2},
    title={Titre Pompeux},
    publisher={Ã‰diteur},
    author={de Saint Germain, Etienne},
    pages={45-46},
}


